<?xml version="1.0" encoding="UTF-8"?><collection xmlns="http://www.loc.gov/MARC21/slim"><record><leader>00329nam--2200121-i-4500</leader><controlfield tag="001">000007119</controlfield><controlfield tag="002">20161230</controlfield><controlfield tag="005">20161230201027</controlfield><controlfield tag="008">060222s1000------------r-----000-0-eng-d</controlfield><datafield ind1=" " ind2=" " tag="100"><subfield code="a">Barnard, A.K</subfield></datafield><datafield ind1=" " ind2=" " tag="245"><subfield code="a">Theoretical basic of inorganic chemistry</subfield></datafield><datafield ind1=" " ind2=" " tag="260"><subfield code="a">New York, Mcgraw-hill Publishing Co.Limited, 1965 372 P</subfield></datafield><datafield ind1=" " ind2=" " tag="852"><subfield code="a">21264</subfield></datafield></record></collection>